<?xml version="1.0" encoding="UTF-8"?>
<record xmlns="http://www.loc.gov/MARC21/slim">
   <leader>01230cam a2200241M  4500</leader>
   <controlfield tag="001">1573834</controlfield>
   <controlfield tag="003">NjP</controlfield>
   <controlfield tag="005">20170217170317.0</controlfield>
   <controlfield tag="008">110586s1970    ir            000 0 ara d</controlfield>
   <datafield tag="024" ind1="7" ind2=" ">
      <subfield code="a">princeton_aco004200</subfield>
      <subfield code="2">local</subfield>
   </datafield>
   <datafield ind1=" " ind2=" " tag="035">
      <subfield code="a">(OCoLC)ocm68140924</subfield>
   </datafield>
   <datafield ind1=" " ind2=" " tag="035">
      <subfield code="a">(CStRLIN)RLINGEAC00978176-B</subfield>
   </datafield>
   <datafield ind1=" " ind2=" " tag="035">
      <subfield code="9">CEY1522TS</subfield>
   </datafield>
   <datafield ind1=" " ind2=" " tag="040">
      <subfield code="a">EYM</subfield>
      <subfield code="c">EYM</subfield>
      <subfield code="d">OCLCG</subfield>
   </datafield>
   <datafield ind1=" " ind2=" " tag="035">
      <subfield code="a">(OCoLC)68140924</subfield>
   </datafield>
   <datafield ind1="0" ind2=" " tag="100">
      <subfield code="a">Abū al-Faraj al-Iṣbahānī,</subfield>
      <subfield code="d">897 or 898-967.</subfield>
      <subfield code="0">http://id.loc.gov/authorities/names/n80065804</subfield>
   </datafield>
   <datafield ind1="1" ind2="0" tag="245">
      <subfield code="a">Maqātil al-Ṭālibīyīn li-Abī al-Faraj al-Iṣfahānī, sharḥ va taḥqīq al-Sayyid Aḥmad Ṣaqīr.</subfield>
   </datafield>
   <datafield ind1=" " ind2=" " tag="250">
      <subfield code="a">al- al-Ṭabʻah 2.</subfield>
   </datafield>
   <datafield ind1=" " ind2=" " tag="260">
      <subfield code="a">Tihrān</subfield>
      <subfield code="b">Muʼassasah-i Maṭbūʻātī-i Ismāʻīlīyān,</subfield>
      <subfield code="c">[1970]</subfield>
   </datafield>
   <datafield ind1=" " ind2=" " tag="300">
      <subfield code="a">854 p.</subfield>
      <subfield code="c">25 cm.</subfield>
   </datafield>
   <datafield ind1="0" ind2="0" tag="600">
      <subfield code="a">Abū Ṭālib ʻAbd Manāf ibn ʻAbd al-Muṭṭalib,</subfield>
      <subfield code="d">approximately 540-approximately 619</subfield>
      <subfield code="x">Family.</subfield>
   </datafield>
   <datafield ind1="1" ind2=" " tag="700">
      <subfield code="a">Muẓaffar, Kāẓim.</subfield>
      <subfield code="e">editor.</subfield>
   </datafield>
   <datafield ind1="0" ind2="8" tag="776">
      <subfield code="i">Online version:</subfield>
      <subfield code="a">Abū al-Faraj al-Iṣbahānī, 897 or 8-967.</subfield>
      <subfield code="t">Maqātil al-Ṭālibīyīn li-Abī al-Faraj al-Iṣbahānī, sharḥ va taḥqīq al-Sayid Aḥmad Ṣaqīr.</subfield>
      <subfield code="d">Tihrān Muʼasasah-i Maṭbūʻātī-i Ismāʻīlīyān, [1970]</subfield>
      <subfield code="w">(OCoLC)557046859</subfield>
   </datafield>
   <datafield ind1=" " ind2=" " tag="999">
      <subfield code="a">1573834</subfield>
   </datafield>
   <datafield ind1=" " ind2=" " tag="902">
      <subfield code="a">se</subfield>
      <subfield code="b">r</subfield>
      <subfield code="6">a</subfield>
      <subfield code="7">m</subfield>
      <subfield code="d">v</subfield>
      <subfield code="f">0</subfield>
      <subfield code="e">20110315</subfield>
   </datafield>
   <datafield ind1="8" ind2=" " tag="852">
      <subfield code="0">1811607</subfield>
      <subfield code="b">rcppa</subfield>
      <subfield code="t">0</subfield>
      <subfield code="h">2264.1068.361.1970</subfield>
      <subfield code="x">tr fr f</subfield>
   </datafield>
   <datafield ind1=" " ind2=" " tag="959">
      <subfield code="a">2000-06-13 00:00:00 -0500</subfield>
   </datafield>
</record>
